{
  "symbol": "BTCUSDT",
  "fetched_at": "2026-03-17T16:29:37Z",
  "order_book": {
    "lastUpdateId": 90319737281,
    "bids": [
      [
        "74209.99000000",
        "1.81640000"
      ],
      [
        "74209.98000000",
        "0.00016000"
      ],
      [
        "74209.86000000",
        "0.00008000"
      ],
      [
        "74209.85000000",
        "0.02227000"
      ],
      [
        "74209.84000000",
        "0.00014000"
      ],
      [
        "74209.83000000",
        "0.00391000"
      ],
      [
        "74209.59000000",
        "0.00015000"
      ],
      [
        "74209.08000000",
        "0.00075000"
      ],
      [
        "74208.78000000",
        "0.00007000"
      ],
      [
        "74208.74000000",
        "0.00007000"
      ],
      [
        "74208.45000000",
        "0.00135000"
      ],
      [
        "74208.42000000",
        "0.00200000"
      ],
      [
        "74208.05000000",
        "0.00007000"
      ],
      [
        "74208.00000000",
        "0.00160000"
      ],
      [
        "74207.88000000",
        "0.00008000"
      ],
      [
        "74207.87000000",
        "0.01097000"
      ],
      [
        "74207.56000000",
        "0.00008000"
      ],
      [
        "74207.55000000",
        "0.02181000"
      ],
      [
        "74207.50000000",
        "0.00073000"
      ],
      [
        "74206.56000000",
        "0.00200000"
      ]
    ],
    "asks": [
      [
        "74210.00000000",
        "1.37643000"
      ],
      [
        "74210.01000000",
        "0.00058000"
      ],
      [
        "74212.24000000",
        "0.00028000"
      ],
      [
        "74212.74000000",
        "0.00007000"
      ],
      [
        "74213.16000000",
        "0.00007000"
      ],
      [
        "74213.29000000",
        "0.00014000"
      ],
      [
        "74213.52000000",
        "0.00007000"
      ],
      [
        "74213.83000000",
        "0.00008000"
      ],
      [
        "74213.84000000",
        "0.01378000"
      ],
      [
        "74213.85000000",
        "0.04509000"
      ],
      [
        "74213.99000000",
        "0.00028000"
      ],
      [
        "74216.59000000",
        "0.00007000"
      ],
      [
        "74216.60000000",
        "0.00007000"
      ],
      [
        "74216.73000000",
        "0.00007000"
      ],
      [
        "74216.97000000",
        "0.36993000"
      ],
      [
        "74216.98000000",
        "0.64642000"
      ],
      [
        "74217.00000000",
        "0.56564000"
      ],
      [
        "74217.07000000",
        "0.00007000"
      ],
      [
        "74217.16000000",
        "0.00007000"
      ],
      [
        "74217.39000000",
        "0.00007000"
      ]
    ]
  },
  "recent_trades": [
    {
      "id": 6118575899,
      "price": "74209.99000000",
      "qty": "0.00019000",
      "quoteQty": "14.09989810",
      "time": 1773764976692,
      "isBuyerMaker": true,
      "isBestMatch": true
    },
    {
      "id": 6118575900,
      "price": "74210.00000000",
      "qty": "0.00301000",
      "quoteQty": "223.37210000",
      "time": 1773764976705,
      "isBuyerMaker": false,
      "isBestMatch": true
    },
    {
      "id": 6118575901,
      "price": "74210.00000000",
      "qty": "0.08099000",
      "quoteQty": "6010.26790000",
      "time": 1773764976807,
      "isBuyerMaker": false,
      "isBestMatch": true
    },
    {
      "id": 6118575902,
      "price": "74210.00000000",
      "qty": "0.00007000",
      "quoteQty": "5.19470000",
      "time": 1773764976807,
      "isBuyerMaker": false,
      "isBestMatch": true
    },
    {
      "id": 6118575903,
      "price": "74210.00000000",
      "qty": "0.00007000",
      "quoteQty": "5.19470000",
      "time": 1773764976807,
      "isBuyerMaker": false,
      "isBestMatch": true
    },
    {
      "id": 6118575904,
      "price": "74210.00000000",
      "qty": "0.00007000",
      "quoteQty": "5.19470000",
      "time": 1773764976807,
      "isBuyerMaker": false,
      "isBestMatch": true
    },
    {
      "id": 6118575905,
      "price": "74210.00000000",
      "qty": "0.00007000",
      "quoteQty": "5.19470000",
      "time": 1773764976807,
      "isBuyerMaker": false,
      "isBestMatch": true
    },
    {
      "id": 6118575906,
      "price": "74210.00000000",
      "qty": "0.00007000",
      "quoteQty": "5.19470000",
      "time": 1773764976807,
      "isBuyerMaker": false,
      "isBestMatch": true
    },
    {
      "id": 6118575907,
      "price": "74210.00000000",
      "qty": "0.00007000",
      "quoteQty": "5.19470000",
      "time": 1773764976807,
      "isBuyerMaker": false,
      "isBestMatch": true
    },
    {
      "id": 6118575908,
      "price": "74210.00000000",
      "qty": "0.00007000",
      "quoteQty": "5.19470000",
      "time": 1773764976807,
      "isBuyerMaker": false,
      "isBestMatch": true
    },
    {
      "id": 6118575909,
      "price": "74210.00000000",
      "qty": "0.00007000",
      "quoteQty": "5.19470000",
      "time": 1773764976807,
      "isBuyerMaker": false,
      "isBestMatch": true
    },
    {
      "id": 6118575910,
      "price": "74210.00000000",
      "qty": "0.00007000",
      "quoteQty": "5.19470000",
      "time": 1773764976807,
      "isBuyerMaker": false,
      "isBestMatch": true
    },
    {
      "id": 6118575911,
      "price": "74210.00000000",
      "qty": "0.00007000",
      "quoteQty": "5.19470000",
      "time": 1773764976807,
      "isBuyerMaker": false,
      "isBestMatch": true
    },
    {
      "id": 6118575912,
      "price": "74210.00000000",
      "qty": "0.00007000",
      "quoteQty": "5.19470000",
      "time": 1773764976807,
      "isBuyerMaker": false,
      "isBestMatch": true
    },
    {
      "id": 6118575913,
      "price": "74210.00000000",
      "qty": "0.00007000",
      "quoteQty": "5.19470000",
      "time": 1773764976807,
      "isBuyerMaker": false,
      "isBestMatch": true
    },
    {
      "id": 6118575914,
      "price": "74210.00000000",
      "qty": "0.00015000",
      "quoteQty": "11.13150000",
      "time": 1773764976807,
      "isBuyerMaker": false,
      "isBestMatch": true
    },
    {
      "id": 6118575915,
      "price": "74210.00000000",
      "qty": "0.00007000",
      "quoteQty": "5.19470000",
      "time": 1773764976807,
      "isBuyerMaker": false,
      "isBestMatch": true
    },
    {
      "id": 6118575916,
      "price": "74210.00000000",
      "qty": "0.00007000",
      "quoteQty": "5.19470000",
      "time": 1773764976807,
      "isBuyerMaker": false,
      "isBestMatch": true
    },
    {
      "id": 6118575917,
      "price": "74210.00000000",
      "qty": "0.02239000",
      "quoteQty": "1661.56190000",
      "time": 1773764976807,
      "isBuyerMaker": false,
      "isBestMatch": true
    },
    {
      "id": 6118575918,
      "price": "74209.99000000",
      "qty": "0.14195000",
      "quoteQty": "10534.10808050",
      "time": 1773764977332,
      "isBuyerMaker": true,
      "isBestMatch": true
    }
  ]
}